<?xml version="1.0" encoding="UTF-8"?><record xmlns="http://www.loc.gov/MARC21/slim" xmlns:cinclude="http://apache.org/cocoon/include/1.0" xmlns:zs="http://www.loc.gov/zing/srw/">
  <leader>00782nz  a2200229n  4500</leader>
  <controlfield tag="001">no2014136777</controlfield>
  <controlfield tag="003">DLC</controlfield>
  <controlfield tag="005">20141017073617.0</controlfield>
  <controlfield tag="008">141016n| azannaabn          |a aaa     c</controlfield>
  <datafield tag="010" ind1=" " ind2=" ">
    <subfield code="a">no2014136777</subfield>
  </datafield>
  <datafield tag="035" ind1=" " ind2=" ">
    <subfield code="a">(OCoLC)oca09989776</subfield>
  </datafield>
  <datafield tag="040" ind1=" " ind2=" ">
    <subfield code="a">ICrlF</subfield>
    <subfield code="b">eng</subfield>
    <subfield code="e">rda</subfield>
    <subfield code="c">ICrlF</subfield>
  </datafield>
  <datafield tag="046" ind1=" " ind2=" ">
    <subfield code="f">19890921</subfield>
  </datafield>
  <datafield tag="100" ind1="1" ind2=" ">
    <subfield code="a">Pastrana, Lyn-Z Adams Hawkins,</subfield>
    <subfield code="d">1989-</subfield>
  </datafield>
  <datafield tag="370" ind1=" " ind2=" ">
    <subfield code="a">San Diego (Calif.)</subfield>
  </datafield>
  <datafield tag="372" ind1=" " ind2=" ">
    <subfield code="a">Extreme sports</subfield>
  </datafield>
  <datafield tag="374" ind1=" " ind2=" ">
    <subfield code="a">Skateboarder</subfield>
  </datafield>
  <datafield tag="375" ind1=" " ind2=" ">
    <subfield code="a">female</subfield>
  </datafield>
  <datafield tag="377" ind1=" " ind2=" ">
    <subfield code="a">eng</subfield>
  </datafield>
  <datafield tag="400" ind1="1" ind2=" ">
    <subfield code="a">Hawkins Pastrana, Lyn-Z Adams,</subfield>
    <subfield code="d">1989-</subfield>
  </datafield>
  <datafield tag="400" ind1="1" ind2=" ">
    <subfield code="a">Pastrana, Lindsey Adams,</subfield>
    <subfield code="d">1989-</subfield>
  </datafield>
  <datafield tag="670" ind1=" " ind2=" ">
    <subfield code="a">Scheff, Matt. Lyn-Z Adams Hawkins Pastrana, c2015:</subfield>
    <subfield code="b">t.p. (Lyn-Z Adams Hawkins Pastrana; extreme sports star) CIP (skateboarder) p. 9 (b. Lindsey Adams Hawkins, Sept. 21, 1989, San Diego, Calif.)</subfield>
  </datafield>
</record>